
@article{welch1995introduction,
  title={An introduction to the Kalman filter},
  author={Welch, Greg and Bishop, Gary},
  year={1995}
}

@inproceedings{havlik2015performance,
  title={Performance evaluation of iterated extended Kalman filter with variable step-length},
  author={Havl{\'\i}k, Jind{\v{r}}ich and Straka, Ond{\v{r}}ej},
  booktitle={Journal of Physics: Conference Series},
  volume={659},
  number={1},
  pages={012022},
  year={2015},
  organization={IOP Publishing}
}

@article{anderson1979optimal,
  title={Optimal filtering},
  author={Anderson, Brian DO and Moore, John B},
  journal={Englewood Cliffs},
  volume={21},
  pages={22--95},
  year={1979}
}

@article{petersen2008matrix,
  title={The matrix cookbook},
  author={Petersen, Kaare Brandt and Pedersen, Michael Syskind and others},
  journal={Technical University of Denmark},
  volume={7},
  pages={15},
  year={2008}
}