@article{htrack,
author = {Andrea Tagliasacchi   and   Matthias Schr{\"o}der   and   Anastasia Tkach and 
          Sofien Bouaziz        and   Mario Botsch            and   Mark Pauly},
title = {Robust Articulated-ICP for Real-Time Hand Tracking},
journal = {Symposium on Geometry Processing (Computer Graphics Forum)},
year = 2015}

@article{welch1995introduction,
  title={An introduction to the Kalman filter},
  author={Welch, Greg and Bishop, Gary},
  year={1995}
}

@inproceedings{havlik2015performance,
  title={Performance evaluation of iterated extended Kalman filter with variable step-length},
  author={Havl{\'\i}k, Jind{\v{r}}ich and Straka, Ond{\v{r}}ej},
  booktitle={Journal of Physics: Conference Series},
  volume={659},
  number={1},
  pages={012022},
  year={2015},
  organization={IOP Publishing}
}

@article{anderson1979optimal,
  title={Optimal filtering},
  author={Anderson, Brian DO and Moore, John B},
  journal={Englewood Cliffs},
  volume={21},
  pages={22--95},
  year={1979}
}

@article{petersen2008matrix,
  title={The matrix cookbook},
  author={Petersen, Kaare Brandt and Pedersen, Michael Syskind and others},
  journal={Technical University of Denmark},
  volume={7},
  pages={15},
  year={2008}
}

@book{maybeck1979stochastic,
  title={Stochastic models, estimation, and control},
  author={Maybeck, Peter S},
  volume={1},
  year={1979},
  publisher={Academic press}
}

@article{tkach2016sphere,
  title={Sphere-meshes for real-time hand modeling and tracking},
  author={Tkach, Anastasia and Pauly, Mark and Tagliasacchi, Andrea},
  journal={ACM Transactions on Graphics (TOG)},
  volume={35},
  number={6},
  pages={222},
  year={2016},
  publisher={ACM}
}

@inproceedings{joseph2016fits,
  title={Fits like a glove: Rapid and reliable hand shape personalization},
  author={Joseph Tan, David and Cashman, Thomas and Taylor, Jonathan and Fitzgibbon, Andrew and Tarlow, Daniel and Khamis, Sameh and Izadi, Shahram and Shotton, Jamie},
  booktitle={Proceedings of the IEEE Conference on Computer Vision and Pattern Recognition},
  pages={5610--5619},
  year={2016}
}